<?xml version="1.0" encoding="UTF-8"?><collection xmlns="http://www.loc.gov/MARC21/slim"><record><leader>00541nam--2200193-i-4500</leader><controlfield tag="001">000033300</controlfield><controlfield tag="002">20161230</controlfield><controlfield tag="005">20161230201039</controlfield><controlfield tag="008">060222s1000------------r-----000-0-rus-d</controlfield><datafield ind1=" " ind2=" " tag="040"><subfield code="a">IFIN-HH</subfield></datafield><datafield ind1=" " ind2=" " tag="041"><subfield code="a">rus</subfield></datafield><datafield ind1=" " ind2=" " tag="080"><subfield code="a">53</subfield></datafield><datafield ind1="1" ind2=" " tag="100"><subfield code="a">Janossy, L</subfield></datafield><datafield ind1="1" ind2="0" tag="245"><subfield code="a">Tepria i praktika obrabotki rezultatov ismerenii</subfield><subfield code="c">L. janossy</subfield></datafield><datafield ind1=" " ind2=" " tag="260"><subfield code="a">MOSKVbMIRA</subfield><subfield code="c">1965</subfield></datafield><datafield ind1=" " ind2=" " tag="300"><subfield code="a">462P</subfield></datafield><datafield ind1=" " ind2=" " tag="500"><subfield code="a">tITLUL ORIGINAL IN LIMBA ENGLEZA: THEORY AND PRACTICE OF THE EVALUATION OF MEASUREMENTS</subfield></datafield><datafield ind1=" " ind2=" " tag="852"><subfield code="a">22922</subfield><subfield code="c">53.08</subfield></datafield><datafield ind1=" " ind2=" " tag="CAT"><subfield code="a">Sys</subfield><subfield code="c">20151027</subfield><subfield code="h">154159</subfield></datafield></record></collection>